@ARTICLE{alg
, AUTHOR    = {Vezhnevets, V. and Konouchine, V.}
, TITLE     = {GrowCut -- Interactive Multi-Label N-D Image Segmentation By Cellular Automata}
, JOURNAL   = {In Proceedings of 2005 Conference, Graphicon}
, YEAR      = {2005}
, PAGES     = {150--156}
}

@ARTICLE{threshold
, AUTHOR    = {Batenburg, K. J. and Sijbers, J.}
, TITLE     = {Adaptive thresholding of tomograms by projection distance minimization}
, JOURNAL   = {Pattern Recognition}
, YEAR      = {2009}
, PAGES     = {2297--2305}
}

@ARTICLE{trainable
, AUTHOR    = {Undeman, C. and Lindeberg, T.}
, TITLE     = {Fully Automatic Segmentation of MRI Brain Images using Probabilistic Anisotropic Diffusion and Multi-Scale Watersheds}
, JOURNAL   = {Proc. Scale-Space'03, Isle of Skye, Scotland, Springer Lecture Notes in Computer Science}
, YEAR      = {2003}
, PAGES     = {641--656}
}

@ARTICLE{compression
, AUTHOR    = {Mobahi, H., Rao, S., Yang, A., Sastry, S., and Ma, Y.}
, TITLE     = {Segmentation of Natural Images by Texture and Boundary Compression}
, JOURNAL   = {International Journal of Computer Vision}
, YEAR      = {2011}
, PAGES     = {86--98}
}

@ARTICLE{edge
, AUTHOR    = {Lindeberg, T. and Li, M. X.}
, TITLE     = {Segmentation and classification of edges using minimum description length approximation and complementary junction cues}
, JOURNAL   = {Computer Vision and Image Understanding}
, YEAR      = {1997}
, PAGES     = {88--98}
}

@conference {RF,
	title = {Online Random Forest for Interactive Image Segmentation},
	booktitle = {International Workshop on Experimental Economics and Machine Learning},
	year = {2012},
	address = {Leuven, BE},
	url = {http://shapovalov.ro/papers/ORF-Barinova-et-al-EEML2012.pdf},
	author = {Olga Barinova and Roman Shapovalov and Sergey Sudakov and Alexander Velizhev}
}

@MISC{scikit
, title  = {scikit-image: image processing in python}
, howpublished= {http://scikit-image.org}
}

@MISC{dataset
, title  = {The Berkeley Segmentation Dataset and Benchmark}
, howpublished= {http://www.eecs.berkeley.edu/Research/Projects/CS/vision/grouping/segbench}
}

@ARTICLE{rw
, AUTHOR    = {Grady, L.}
, TITLE     = {Random Walks for Image Segmentation}
, JOURNAL   = {IEEE Transactions on Pattern Analysis and Machine Intelligence}
, YEAR      = {2006}
, PAGES     = {1768--83}
}

@MISC{gol
, title  = {Conway's Game of Life}
, howpublished= {http://en.wikipedia.org/wiki/Conway's\_Game\_of\_life}
}

@MISC{growcut,
title  = {Python implementation of the Grow Cut algorithm},
howpublished= {http://github/nfaggian/growcut}
}

@MISC{cython,
title  = {C-Extensions for Python},
howpublished= {http://www.cython.org}
}

@MISC{ms,
title  = {Mean-shift},
howpublished= {http://en.wikipedia.org/wiki/Mean\_shift}
}

@MISC{n,
title  = {Cellular automaton},
howpublished= {http://en.wikipedia.org/wiki/Cellular\_automaton}
}

@MISC{conway,
howpublished= {https://canv.as/p/2yj3m/reply/143665}
}

@MISC{dtw,
title  = {Dynamic Time Warping},
howpublished= {http://mirlab.org/jang/books/dcpr/dpDtw.asp}
}

@ARTICLE{segmentation
, AUTHOR    = {Shapiro, L.G. and Stockman, G.C.}
, TITLE     = {Computer Vision}
, PUBLISHER = {Prentice-Hall}
, YEAR      = {2001}
, PAGES     = {279--325}
}

@ARTICLE{alg
, AUTHOR    = {Vezhnevets, V. and Konouchine, V.}
, TITLE     = {GrowCut -- Interactive Multi-Label N-D Image Segmentation By Cellular Automata}
, JOURNAL   = {In Proceedings of 2005 Conference, Graphicon}
, YEAR      = {2005}
, PAGES     = {150--156}
}

@MISC{Darwin,
title  = {DARWIN},
howpublished= {http://darwin.eckerd.edu}
}