@ARTICLE{alg
, AUTHOR    = {Vezhnevets, V. and Konouchine, V.}
, TITLE     = {GrowCut -- Interactive Multi-Label N-D Image Segmentation By Cellular Automata}
, JOURNAL   = {In Proceedings of 2005 Conference, Graphicon}
, YEAR      = {2005}
, PAGES     = {150--156}
}

@ARTICLE{RF
, AUTHOR    = {Barinova, O. and Shapovalov, R. and Sudakov, S. and Velizhev, A.}
, TITLE     = {Online Random Forest for Interactive Image Segmentation}
, JOURNAL   = {Conference paper}
, YEAR      = {2012}
}

@MISC{scikit
, title  = {scikit-image: image processing in python}
, howpublished= {http://scikit-image.org}
}

@MISC{rw
, title  = {Random walker algorithm}
, howpublished= {http://en.wikipedia.org/wiki/Random\_walker\_algorithm}
}

@MISC{gol
, title  = {Conway's Game of Life}
, howpublished= {http://en.wikipedia.org/wiki/Conway's\_Game\_of\_life}
}

@MISC{growcut,
title  = {Python implementation of the Grow Cut algorithm},
howpublished= {http://github/nfaggian/growcut}
}

@MISC{cython,
title  = {C-Extensions for Python},
howpublished= {http://www.cython.org}
}