@ARTICLE{RF
, AUTHOR    = {Barinova, O. and Shapovalov, R. and Sudakov, S. and Velizhev, A.}
, TITLE     = {Online Random Forest for Interactive Image Segmentation}
, JOURNAL   = {Conference paper}
, YEAR      = {2012}
}
