@MISC{Darwin,
title  = {DARWIN},
howpublished= {http://darwin.eckerd.edu}
}

@MISC{scikit-image,
title  = {scikit-image: image processing in python},
howpublished= {http://scikit-image.org}
}

@MISC{cellularoutomata,
title  = {Cellular automaton},
howpublished= {http://en.wikipedia.org/wiki/Cellular\_automaton}
}

@ARTICLE{alg
, AUTHOR    = {Vezhnevets, V. and Konouchine, V.}
, TITLE     = {GrowCut -- Interactive Multi-Label N-D Image Segmentation By Cellular Automata}
, JOURNAL   = {In Proceedings of 2005 Conference, Graphicon}
, YEAR      = {2005}
, PAGES     = {150--156}
}

@ARTICLE{Darwin
, AUTHOR    = {Keet, D.}
, TITLE     = {Haaie 'heelwat minder'}
, JOURNAL   = {Die Burger}
, YEAR      = {2013}
, PAGES     = {3}
}
