@ARTICLE{alg
, AUTHOR    = {Vezhnevets, V. and Konouchine, V.}
, TITLE     = {GrowCut -- Interactive Multi-Label N-D Image Segmentation By Cellular Automata}
, JOURNAL   = {In Proceedings of 2005 Conference, Graphicon}
, YEAR      = {2005}
, PAGES     = {150--156}
}
