@MISC{scikit,
title  = {scikit-image: image processing in python},
howpublished= {http://scikit-image.org}
}

@ARTICLE{art
, AUTHOR    = {Wang, J. and Cohen, M.F.}
, TITLE     = {Image and Video Matting: A Survey}
, JOURNAL   = {Foundations and Trends in Computer Graphics and Vision}
, YEAR      = {2008}
, VOLUME    = {3}
, PAGES     = {97--175}
}
